% Correct Bibtex entries are best obtained by cut-and-paste from 
% Spires or Inspire. 
% - They might still need some editing of Latex symbols in 
%   the titles. 
% - Page ranges should in many cases be shortened to just 
%   having the start page.
% - Collaborations might need to be added or indeed just the word 
%   "collaboration" put after them.

% Below are a set of standard references to use for LHCb.

@techreport{Blake:1631348,
	      author        = "Blake, Thomas and Coquereau, Samuel and Chrzaszcz, Marci    and Cunliffe, Samuel and Parkinson, Chris and Petridis,
		                         Konstantinos and Tresch, Marco",

		title         = "{The $B_0 \to$ K$^*_0 \mu\mu$ selection using 3fb$^{-1}$
										                          of LHCb data}",
	      institution   = "CERN",
		  address       = "Geneva",
		  number        = "LHCb-INT-2013-058. CERN-LHCb-INT-2013-058",
		  month         = "Nov",
		  year          = "2013",
}

@article{Karbach:2011uz,
	      author         = "Karbach, Till Moritz",
          title          = "{Feldman-Cousins Confidence Levels - Toy MC Method}",
          year           = "2011",
          eprint         = "1109.0714",
          archivePrefix  = "arXiv",
          primaryClass   = "physics.data-an",
          SLACcitation   = "%%CITATION = ARXIV:1109.0714;%%",
}




% The LHCb detector paper
@article{Alves:2008zz,
      author         = "Alves~Jr., A. A. and others",
      title          = "{The \lhcb detector at the LHC}",
      collaboration  = "LHCb collaboration",
      journal        = "JINST",
      volume         = "3",
      pages          = "S08005",
      doi            = "10.1088/1748-0221/3/08/S08005",
      year           = "2008",
}

% The HLT1 in 2010 data
@lhcbreport{LHCb-PUB-2011-003,
      author       = "Gligorov, Vladimir V",
      title        = "{A single track HLT1 trigger}",
      number       = "LHCb-PUB-2011-003",
}  

% PID performance
@article{LHCb-PROC-2011-008,
      author         = "Powell, A. and others",
      title          = "{Particle identification at LHCb}",
      journal        = "PoS",
      volume         = "ICHEP2010",
      pages          = "020",
      year           = "2010",
      note           = "\href{https://cdsweb.cern.ch/record/1322666?ln=en}{LHCb-PROC-2011-008}",
      SLACcitation   = "%%CITATION = POSCI,ICHEP2010,020;%%",
}

% The LHCb simulation
@article{LHCb-PROC-2011-006,
  author={Clemencic, M and others},
  title="{The \lhcb simulation application, \gauss: design, evolution and experience}",
  journal="{J. Phys. Conf. Ser.}",
  volume={331},
  pages={032023},
  doi={10.1088/1742-6596/331/3/032023},
  year={2011},
}

% Pythia tuning
@article{LHCb-PROC-2010-056,
      author         = "Belyaev, I. and others",
      title          = "{Handling of the generation of primary events
in \gauss, the \lhcb simulation framework}",
      journal        = "Nuclear Science Symposium Conference Record
(NSS/MIC)",
      volume         = "IEEE",
      pages          = "1155",
      year           = "2010",
      doi            = "10.1109/NSSMIC.2010.5873949",
}

% The PDG 2012 version
@article{PDG2012,
     author    = "Beringer, J. and others",
 collaboration = "Particle Data Group",
     title     = "{\href{http://pdg.lbl.gov/}{Review of particle physics}}",
     journal   = "Phys. Rev.",
     volume    = "D86",
     year      = "2012",
     pages     = "010001",
     doi       = "10.1103/PhysRevD.86.010001",
     note      = "{and 2013 partial update for the 2014 edition}",
}

% HFAG
@article{HFAG,
      author         = "Amhis, Y. and others",
      title          = "{Averages of $b$-hadron, $c$-hadron, and $\tau$-lepton
                        properties as of early 2012}",
      collaboration  = "Heavy Flavor Averaging Group",
      year           = "2012",
      eprint         = "1207.1158",
      archivePrefix  = "arXiv",
      primaryClass   = "hep-ex",
      note           = "{updated results and plots available at \href{http://www.slac.stanford.edu/xorg/hfag/}{{\tt http://www.slac.stanford.edu/xorg/hfag/}}}",
}

% Pythia
@article{Sjostrand:2006za,
      author         = {Sj\"{o}strand, Torbj\"{o}rn and Mrenna, Stephen and 
                       Skands, Peter"},
      title          = "{PYTHIA 6.4 physics and manual}",
      journal        = "JHEP",
      volume         = "05",
      pages          = "026",
      doi            = "10.1088/1126-6708/2006/05/026",
      year           = "2006",
      eprint         = "hep-ph/0603175",
      archivePrefix  = "arXiv",
      primaryClass   = "hep-ph",
}

%GEANT4 (the two below should be used together)
@Article{Agostinelli:2002hh,
     author    = "Agostinelli, S. and others",
 collaboration = "Geant4 collaboration",
     title     = "{Geant4: a simulation toolkit}",
     journal   = "Nucl. Instrum. Meth.",
     volume    = "A506",
     year      = "2003",
     pages     = "250",
     doi       = "10.1016/S0168-9002(03)01368-8",
     SLACcitation  = "%%CITATION = NUIMA,A506,250;%%"
}

@article{Allison:2006ve,
      author         = "Allison, John and Amako, K. and Apostolakis, J. and
                        Araujo, H. and Dubois, P.A. and others",
 collaboration = "Geant4 collaboration",
      title          = "{Geant4 developments and applications}",
      journal        = "IEEE Trans.Nucl.Sci.",
      volume         = "53",
      pages          = "270",
      doi            = "10.1109/TNS.2006.869826",
      year           = "2006",
      reportNumber   = "SLAC-PUB-11870",
      SLACcitation   = "%%CITATION = IETNA,53,270;%%",
}


% EVTGEN
@Article{Lange:2001uf,
     author    = "Lange, D. J.",
     title     = "{The EvtGen particle decay simulation package}",
     journal   = "Nucl. Instrum. Meth.",
     volume    = "A462",
     year      = "2001",
     pages     = "152-155",
     doi       = "10.1016/S0168-9002(01)00089-4",
     SLACcitation  = "%%CITATION = NUIMA,A462,152;%%"
}

% PHOTOS
@article{Golonka:2005pn,
      author         = "Golonka, Piotr and Was, Zbigniew",
      title          = "{PHOTOS Monte Carlo: a precision tool for QED
                  corrections in $Z$ and $W$ decays}",
      journal        = "Eur.Phys.J.",
      volume         = "C45",
      pages          = "97-107",
      doi            = "10.1140/epjc/s2005-02396-4",
      year           = "2006",
      eprint         = "hep-ph/0506026",
      archivePrefix  = "arXiv",
      primaryClass   = "hep-ph",
      reportNumber   = "IFJPAN-V-05-01, CERN-PH-TH-2005-091",
      SLACcitation   = "%%CITATION = HEP-PH/0506026;%%"
}

% Crystal Ball function
@PhdThesis{Skwarnicki:1986xj,
  author    = "Skwarnicki, Tomasz",
  title     = "{A study of the radiative cascade transitions between the
                  Upsilon-prime and Upsilon resonances}",
  school = 	 {Institute of Nuclear Physics, Krakow},
  year = 	 {1986},
  note = 	 "{\href{http://inspirehep.net/record/230779/files/230779.pdf}{DESY-F31-86-02}}",
  SLACcitation   = "%%CITATION = DESY-F31-86-02 ETC.;%%"
}

% BDT
@book{Breiman,
  author = 	 {Breiman, L. and Friedman, J. H. and Olshen,
                  R. A. and Stone, C. J.},
  title = 	 {Classification and regression trees},
  publisher = 	 {Wadsworth international group},
  year = 	 {1984},
  address = 	 {Belmont, California, USA},
}

@article{Roe,
   author = {Roe, B.~P. and Yang, H.-J. and Zhu, J. and Liu,
                  Y. and Stancu, I. and McGregor, G.},
    title = "{Boosted decision trees as an alternative to artificial neural networks for particle identification}",
  journal = {Nucl.Instrum.Meth.},
   eprint = {physics/0408124},
archivePrefix  = "arXiv",
 primaryClass   = "physics",
     year = "2005",
   volume = "A543",
    pages = {577-584},
      doi = {10.1016/j.nima.2004.12.018},
}

% BDT training with AdaBoost
@Article{AdaBoost,
  author = 	 {Schapire, Robert E. and Freund, Yoav},
  title = 	 {A decision-theoretic generalization of on-line learning and an application to boosting},
  journal = 	 {Jour. Comp. and Syst. Sc.},
  volume         = "55",
  pages          = "119",
  year = 	 {1997},
  doi            = "10.1006/jcss.1997.1504",
}

% Multivariate topological trigger
@article{BBDT,
      author         = "Gligorov, V. V. and Williams, M.",
      title          = "{Efficient, reliable and fast high-level triggering using a bonsai boosted decision tree}",
      journal        = "JINST",
      volume         = "8",
      pages          = "P02013",
      doi            = "10.1088/1748-0221/8/02/P02013",
      year           = "2013",
      eprint         = "1210.6861",
      archivePrefix  = "arXiv",
      primaryClass   = "physics.ins-det",

}


%DecayTreeFitter
@article{Hulsbergen:2005pu,
      author         = "Hulsbergen, Wouter D.",
      title          = "{Decay chain fitting with a Kalman filter}",
      journal        = "Nucl.Instrum.Meth.",
      volume         = "A552",
      pages          = "566-575",
      doi            = "10.1016/j.nima.2005.06.078",
      year           = "2005",
      eprint         = "physics/0503191",
      archivePrefix  = "arXiv",
      primaryClass   = "physics",
      SLACcitation   = "%%CITATION = PHYSICS/0503191;%%",
}

%sPlot
@article{Pivk:2004ty,
      author         = "Pivk, Muriel and Le Diberder, Francois R.",
      title          = "{sPlot: a statistical tool to unfold data distributions}",
      journal        = "Nucl.Instrum.Meth.",
      volume         = "A555",
      pages          = "356-369",
      doi            = "10.1016/j.nima.2005.08.106",
      year           = "2005",
      eprint         = "physics/0402083",
      archivePrefix  = "arXiv",
      primaryClass   = "physics.data-an",
      reportNumber   = "LAL-04-07",
      SLACcitation   = "%%CITATION = PHYSICS/0402083;%%",
}

%Punzi's optimization criterion
@INPROCEEDINGS{Punzi:2003bu,
    author = "Punzi, G.",
     title = "{Sensitivity of searches for new signals and its optimization}",
 booktitle = {Statistical Problems in Particle Physics, Astrophysics, and Cosmology},
      year = 2003,
    eprint = "physics/0308063",
    archivePrefix = "arXiv",
    editor = {{Lyons}, L. and {Mount}, R. and {Reitmeyer}, R.},
     pages = {79},
    adsurl = {http://adsabs.harvard.edu/abs/2003sppp.conf...79P},
   adsnote = {Provided by the SAO/NASA Astrophysics Data System}
 }


@article{Majorana:1937vz,
      author         = "Majorana, Ettore",
      title          = "{Teoria simmetrica dell'elettrone e del positrone}",
      journal        = "Nuovo Cim.",
      volume         = "14",
      pages          = "171-184",
      doi            = "10.1007/BF02961314",
      year           = "1937",
}

@article{Pati:1974yy,
      author         = "Pati, Jogesh C. and Salam, Abdus",
      title          = "{Lepton Number as the Fourth Color}",
      journal        = "Phys. Rev.",
      volume         = "D10",
      pages          = "275-289",
      doi            = "10.1103/PhysRevD.10.275",
      year           = "1974",
      note           = "Erratum-ibid. {\bf D11} (1975) 703",
}

@article{Mohapatra:1979ia,
      author         = "Mohapatra, Rabindra N. and Senjanovic, Goran",
      title          = "{Neutrino Mass and Spontaneous Parity Violation}",
      journal        = "Phys.Rev.Lett.",
      volume         = "44",
      pages          = "912",
      doi            = "10.1103/PhysRevLett.44.912",
      year           = "1980",
      reportNumber   = "MDDP-TR-80-060, MDDP-PP-80-105, CCNY-HEP-79-10",
      SLACcitation   = "%%CITATION = PRLTA,44,912;%%",
}

@article{Pascoli:2007qh,
      author         = "Pascoli, S. and Petcov, S.T.",
      title          = "{Majorana neutrinos, neutrino mass spectrum and the
                        $|\langle m \rangle| \sim 10^{-3}$~eV frontier in 
                        neutrinoless double beta decay}",
      journal        = "Phys.\ Rev.",
      volume         = "D77",
      pages          = "113003",
      doi            = "10.1103/PhysRevD.77.113003",
      year           = "2008",
      eprint         = "0711.4993",
      archivePrefix  = "arXiv",
      primaryClass   = "hep-ph",
}

@article{FerroLuzzi:2005em,
      author         = "Ferro-Luzzi, M.",
      title          = "{Proposal for an absolute luminosity determination in
                        colliding beam experiments using vertex detection of
                        beam-gas interactions}",
      journal        = "Nucl.Instrum.Meth.",
      volume         = "A553",
      pages          = "388-399",
      doi            = "10.1016/j.nima.2005.07.010",
      year           = "2005",
}

@article{Skands:2009zm,
      author         = "Skands, Peter Z.",
      title          = "{The Perugia tunes}",
      year           = "2009",
      eprint         = "0905.3418",
      archivePrefix  = "arXiv",
      primaryClass   = "hep-ph",
}

@Misc{BibTeX,
  author = 	 {Feder, Alexander},
  title = 	 {Your {Bib\TeX} resource},
  howpublished = {\href{http://www.bibtex.org/} {http://www.bibtex.org/}},
}

@Misc{mciteplus,
  author = 	 {Shell, Michael},
  title = 	 {Mciteplus: Enhanced multicitations},
  howpublished = {\href{http://www.michaelshell.org/tex/mciteplus/} {http://www.michaelshell.org/tex/mciteplus/}},
}

@article{Bobeth:2011gi,
      author         = "Bobeth, Christoph and Hiller, Gudrun and van Dyk, Danny",
      title          = "{More benefits of semileptonic rare $B$ decays at low
                        recoil: \CP Violation}",
      journal        = "JHEP",
      volume         = "07",
      pages          = "067",
      doi            = "10.1007/JHEP07(2011)067",
      year           = "2011",
      eprint         = "1105.0376",
      archivePrefix  = "arXiv",
      primaryClass   = "hep-ph",
      reportNumber   = "DO-TH-10-16",
      SLACcitation   = "%%CITATION = ARXIV:1105.0376;%%",
}

@lhcbreport{LHCb-INT-2011-047,
      author       = "Dickens, Jeremy",
      title        = "A measurement of the photon efficiency from the 2010 data",
      number       = "LHCb-INT-2011-047",
}

@lhcbreport{LHCb-ANA-2011-078,
      author       = "Adrover, C and Albrecht, J and Bettler, M-O and Carson, L
                      and Cid Vidal, X and Elsasser, C and Hernando Morata, J A
                      and Lanfranchi, G and Mancinelli, G and Martinez Santos, D
                      and Matveev, M and Palutan, M and Perrin-Terrin, M and
                      Sagidova, N and Sarti, A and Serrano, J and Shcheglov, Y and
                      Steinkamp, O and Archilli, F and Sciascia, B",
      title        = "{Searches for $\Bs \to \mumu$ and $\Bd \to \mumu$ in $370 \invpb$ at LHCb}",
      number       = "LHCb-ANA-2011-078",
}

@lhcbreport{LHCb-ANA-2011-094,
      author  = "Lazzeroni, C. and Watson, N. and Kreps, M.",
      title   = "{Measurement of $\Lb\ra \Lz\mumu$ differential branching fraction}",
      number  = "LHCb-ANA-2011-094"
}

%%%%%%%%%%%%%%%%%%%%%%%%%%%%%%%%%%%%%%%%%%%%%%%%%%%%%%%%%
%
%  LHCb paper information moved to LHCb-PAPER.bib
%                         see also LHCb-CONF.bib
%
%%%%%%%%%%%%%%%%%%%%%%%%%%%%%%%%%%%%%%%%%%%%%%%%%%%%%%%%%






@article{Hiller:2007ur,
      author         = "Hiller, G. and Knecht, M. and Legger, F. and Schietinger,
                        T.",
      title          = "{Photon polarization from helicity suppression in
                        radiative decays of polarized Lambda(b) to spin-3/2
                        baryons}",
      journal        = "Phys.Lett.",
      volume         = "B649",
      pages          = "152-158",
      doi            = "10.1016/j.physletb.2007.03.056",
      year           = "2007",
      eprint         = "hep-ph/0702191",
      archivePrefix  = "arXiv",
      primaryClass   = "hep-ph",
      reportNumber   = "DO-TH-07-01, LPHE-2007-01",
      SLACcitation   = "%%CITATION = HEP-PH/0702191;%%",
}


@article{Mannel:1997xy,
      author         = "Mannel, Thomas and Recksiegel, Stefan",
      title          = "{Flavor changing neutral current decays of heavy baryons:
                        The Case \Lb\to\Lz$\gamma$}",
      journal        = "J.Phys.",
      volume         = "G24",
      pages          = "979-990",
      doi            = "10.1088/0954-3899/24/5/006",
      year           = "1998",
      eprint         = "hep-ph/9701399",
      archivePrefix  = "arXiv",
      primaryClass   = "hep-ph",
      reportNumber   = "TTP-97-06",
      SLACcitation   = "%%CITATION = HEP-PH/9701399;%%"
}


@article{Aslam:2008hp,
      author         = "Aslam, M. Jamil and Wang, Yu-Ming and Lu, Cai-Dian",
      title          = "{Exclusive semileptonic decays of \Lb\to\Lz$l^+l^-$
                        in supersymmetric theories}",
      journal        = "Phys.Rev.",
      volume         = "D78",
      pages          = "114032",
      doi            = "10.1103/PhysRevD.78.114032",
      year           = "2008",
      eprint         = "0808.2113",
      archivePrefix  = "arXiv",
      primaryClass   = "hep-ph",
      SLACcitation   = "%%CITATION = ARXIV:0808.2113;%%",
}

@article{Wang:2008sm,
      author         = "Wang, Yu-ming and Li, Ying and Lu, Cai-Dian",
      title          = "{Rare Decays of \Lb\to\Lz$\gamma$ and
                        \Lb\to\Lz  $l^+ l^-$ in the Light-cone Sum
                        Rules}",
      journal        = "Eur.Phys.J.",
      volume         = "C59",
      pages          = "861-882",
      doi            = "10.1140/epjc/s10052-008-0846-5",
      year           = "2009",
      eprint         = "0804.0648",
      archivePrefix  = "arXiv",
      primaryClass   = "hep-ph",
      SLACcitation   = "%%CITATION = ARXIV:0804.0648;%%",
}

@article{Huang:1998ek,
      author         = "Huang, Chao-Shang and Yan, Hua-Gang",
      title          = "{Exclusive rare decays of heavy baryons to light baryons:
                        \Lb\to\Lz$\gamma$ and \Lb\to\Lz$l^+l^-$ }",
      journal        = "Phys.Rev.",
      volume         = "D59",
      pages          = "114022",
      doi            = "10.1103/PhysRevD.59.114022, 10.1103/PhysRevD.61.039901",
      year           = "1999",
      eprint         = "hep-ph/9811303",
      archivePrefix  = "arXiv",
      primaryClass   = "hep-ph",
      reportNumber   = "AS-ITP-98-07A",
      SLACcitation   = "%%CITATION = HEP-PH/9811303;%%",
}

@article{Chen:2001ki,
      author         = "Chen, Chuan-Hung and Geng, C.Q.",
      title          = "{Rare \Lb\to\Lz$l^+l^-$ decays
                        with polarized lambda}",
      journal        = "Phys.Rev.",
      volume         = "D63",
      pages          = "114024",
      doi            = "10.1103/PhysRevD.63.114024",
      year           = "2001",
      eprint         = "hep-ph/0101171",
      archivePrefix  = "arXiv",
      primaryClass   = "hep-ph",
      SLACcitation   = "%%CITATION = HEP-PH/0101171;%%",
}

@article{Chen:2001zc,
      author         = "Chen, Chuan-Hung and Geng, C.Q.",
      title          = "{Baryonic rare decays of \Lb\to\Lz$l^+l^-$}",
      journal        = "Phys.Rev.",
      volume         = "D64",
      pages          = "074001",
      doi            = "10.1103/PhysRevD.64.074001",
      year           = "2001",
      eprint         = "hep-ph/0106193",
      archivePrefix  = "arXiv",
      primaryClass   = "hep-ph",
      SLACcitation   = "%%CITATION = HEP-PH/0106193;%%",
}

@article{Chen:2001sj,
      author         = "Chen, Chuan-Hung and Geng, C.Q.",
      title          = "{Lepton asymmetries in heavy baryon decays of \Lb\to\Lz$l^+l^-$}",
      journal        = "Phys.Lett.",
      volume         = "B516",
      pages          = "327-336",
      doi            = "10.1016/S0370-2693(01)00937-6",
      year           = "2001",
      eprint         = "hep-ph/0101201",
      archivePrefix  = "arXiv",
      primaryClass   = "hep-ph",
      SLACcitation   = "%%CITATION = HEP-PH/0101201;%%",
}

@article{Zolfagharpour:2007eh,
      author         = "Zolfagharpour, F. and Bashiry, V.",
      title          = "{Double Lepton Polarization in $\Lb\to\Lz l^+ l^-$ Decay in the Standard Model with Fourth Generations
                        Scenario}",
      journal        = "Nucl.Phys.",
      volume         = "B796",
      pages          = "294-319",
      doi            = "10.1016/j.nuclphysb.2007.12.022",
      year           = "2008",
      eprint         = "0707.4337",
      archivePrefix  = "arXiv",
      primaryClass   = "hep-ph",
      reportNumber   = "IPM-P-2007-049",
      SLACcitation   = "%%CITATION = ARXIV:0707.4337;%%",
}

@article{Mott:2011cx,
      author         = "Mott, Lonnie and Roberts, Winston",
      title          = "{Rare dileptonic decays of \Lb in a quark model}",
      journal        = "Int.J.Mod.Phys.",
      volume         = "A27",
      pages          = "1250016",
      doi            = "10.1142/S0217751X12500169",
      year           = "2012",
      eprint         = "1108.6129",
      archivePrefix  = "arXiv",
      primaryClass   = "nucl-th",
      SLACcitation   = "%%CITATION = ARXIV:1108.6129;%%",
}

@article{Aliev:2010uy,
      author         = "Aliev, T.M. and Azizi, K. and Savci, M.",
      title          = "{Analysis of the $\Lb\to\Lz l^+l^-$ decay in QCD}",
      journal        = "Phys.Rev.",
      volume         = "D81",
      pages          = "056006",
      doi            = "10.1103/PhysRevD.81.056006",
      year           = "2010",
      eprint         = "1001.0227",
      archivePrefix  = "arXiv",
      primaryClass   = "hep-ph",
      SLACcitation   = "%%CITATION = ARXIV:1001.0227;%%",
}

@article{Mohanta:2010eb,
      author         = "Mohanta, R. and Giri, A.K.",
      title          = "{Fourth generation effect on $\Lambda_b$ decays}",
      journal        = "Phys.Rev.",
      volume         = "D82",
      pages          = "094022",
      doi            = "10.1103/PhysRevD.82.094022",
      year           = "2010",
      eprint         = "1010.1152",
      archivePrefix  = "arXiv",
      primaryClass   = "hep-ph",
      SLACcitation   = "%%CITATION = ARXIV:1010.1152;%%",
}

@article{Sahoo:2011yb,
      author         = "Sahoo, S. and Das, C.K. and Maharana, L.",
      title          = "{Effect of both Z and Z'-mediated flavor-changing neutral
                        currents on the baryonic rare decay $\Lb\to\Lz l^+l^- $}",
      journal        = "Int.J.Mod.Phys.",
      volume         = "A24",
      pages          = "6223-6235",
      year           = "2009",
      eprint         = "1112.4563",
      archivePrefix  = "arXiv",
      primaryClass   = "hep-ph",
      SLACcitation   = "%%CITATION = ARXIV:1112.4563;%%",
}

@article{Aaltonen:2011qs,
      author         = "Aaltonen, T. and others",
      title          = "{Observation of the Baryonic Flavor-Changing Neutral
                        Current Decay $\Lambda_{b} \to \Lambda \mu^{+} \mu^{-}$}",
      collaboration  = "CDF Collaboration",
      journal        = "Phys.Rev.Lett.",
      volume         = "107",
      pages          = "201802",
      doi            = "10.1103/PhysRevLett.107.201802",
      year           = "2011",
      eprint         = "1107.3753",
      archivePrefix  = "arXiv",
      primaryClass   = "hep-ex",
      reportNumber   = "FERMILAB-PUB-11-328-E",
      SLACcitation   = "%%CITATION = ARXIV:1107.3753;%%",
}


@lhcbreport{CDF:10894,
      author         = "Aaltonen, T. and others",
      collaboration= "CDF collaboration",
      title        = "Precise Measurements of Exclusive $b\rightarrow s\mumu$ Decay Amplitudes Using the Full CDF Data Set",
      number       = "CDF Public Note 10894"
}



@article{Aaij:2013oha,
      author         = "Aaij, R and others",
      title          = "{Precision measurement of the $\Lb$ baryon lifetime}",
      collaboration  = "LHCb collaboration",
      journal        = "Phys.Rev.Lett.",
      volume         = "111",
      pages          = "102003",
      doi            = "10.1103/PhysRevLett.111.102003",
      year           = "2013",
      eprint         = "1307.2476",
      archivePrefix  = "arXiv",
      primaryClass   = "hep-ex",
      reportNumber   = "CERN-PH-EP-2013-117, LHCB-PAPER-2013-032",
      SLACcitation   = "%%CITATION = ARXIV:1307.2476;%%",
}



@article{Gutsche:2013pp,
      author         = "Gutsche, Thomas and Ivanov, Mikhail A. and Korner, Jurgen
                        G. and Lyubovitskij, Valery E. and Santorelli, Pietro",
      title          = "{Rare baryon decays $\Lambda_b \to \Lambda {l^{+}l^{-}}
                        (l=e, \mu, \tau)$ and $\Lambda_b \to \Lambda\gamma$ :
                        differential and total rates, lepton- and hadron-side
                        forward-backward asymmetries}",
      journal        = "Phys.Rev.",
      volume         = "D87",
      pages          = "074031",
      doi            = "10.1103/PhysRevD.87.074031",
      year           = "2013",
      eprint         = "1301.3737",
      archivePrefix  = "arXiv",
      primaryClass   = "hep-ph",
      reportNumber   = "DSF-2012-6 (NAPOLI), MZ-TH-12-50 (MAINZ),
                        DSF-2012-6-(NAPOLI), MZ-TH-12-50-(MAINZ)",
      SLACcitation   = "%%CITATION = ARXIV:1301.3737;%%",
}

@article{Hrivnac:1994jx,
      author         = "Hrivnac, Julius and Lednicky, Richard and Smizanska,
                        Maria",
      title          = "{Feasibility of beauty baryon polarization measurement in
                        $\Lambda^0 J/\psi$ decay channel by ATLAS LHC}",
      journal        = "J.Phys.G",
      volume         = "G21",
      pages          = "629-638",
      doi            = "10.1088/0954-3899/21/5/007",
      year           = "1995",
      eprint         = "hep-ph/9405231",
      archivePrefix  = "arXiv",
      primaryClass   = "hep-ph",
      reportNumber   = "PRA-HEP-94-3",
      SLACcitation   = "%%CITATION = HEP-PH/9405231;%%",
}

@article{Detmold:2012vy,
      author         = "Detmold, William and Lin, C.-J. David and Meinel, Stefan
                        and Wingate, Matthew",
      title          = "{$\Lb\to\Lz\mumu$ form factors and differential branching
                        fraction from lattice QCD}",
      journal        = "Phys.~Rev.",
      number         = "7",
      volume         = "D87",
      pages          = "074502",
      doi            = "10.1103/PhysRevD.87.074502",
      year           = "2013",
      eprint         = "1212.4827",
      archivePrefix  = "arXiv",
      primaryClass   = "hep-lat",
      reportNumber   = "MIT-CTP-4430",
      SLACcitation   = "%%CITATION = ARXIV:1212.4827;%%",
}

@article{Halzen:1984mc,
      author         = "Halzen, F. and Martin, Alan D.",
      title          = "{QUARKS AND LEPTONS: AN INTRODUCTORY COURSE IN MODERN
                        PARTICLE PHYSICS}",
      year           = "1984",
      reportNumber   = "ISBN-9780471887416",
      SLACcitation   = "%%CITATION = ISBN-9780471887416 ETC.;%%",
}


@article{Aaij:2013oxa,
	author         = "Aaij, R and others",
	title          = "{Measurements of the $\Lambda_b^0 \to J/\psi \Lambda$
					  decay amplitudes and the $\Lambda_b^0$ polarisation in
						$pp$ collisions at $\sqrt{s} = 7$ TeV}",
      collaboration  = "LHCb collaboration",
	  journal        = "Phys.Lett.",
	  volume         = "B724",
	  pages          = "27",
	  doi            = "10.1016/j.physletb.2013.05.041",
	  year           = "2013",
	  eprint         = "1302.5578",
	  archivePrefix  = "arXiv",
	  primaryClass   = "hep-ex",
	  reportNumber   = "LHCB-PAPER-2012-057, CERN-PH-EP-2013-020",
	  SLACcitation   = "%%CITATION = ARXIV:1302.5578;%%",
}

@article{Xie:2009rka,
      author         = "Xie, Yuehong",
      title          = "{sFit: a method for background subtraction in maximum
                        likelihood fit}",
      year           = "2009",
      eprint         = "0905.0724",
      archivePrefix  = "arXiv",
      primaryClass   = "physics.data-an",
      SLACcitation   = "%%CITATION = ARXIV:0905.0724;%%",
}

@article{Feindt:2006pm,
      author         = "Feindt, M. and Kerzel, U.",
      title          = "{The NeuroBayes neural network package}",
      journal        = "Nucl.Instrum.Meth.",
      volume         = "A559",
      pages          = "190-194",
      doi            = "10.1016/j.nima.2005.11.166",
      year           = "2006",
      SLACcitation   = "%%CITATION = NUIMA,A559,190;%%",
}

@MISC{feindt-2004,
  author = {Feindt, M.},
  title = "{A Neural Bayesian Estimator for Conditional Probability
Densities}",
  url = {arXiv:physics/0402093v1 [physics.data-an]},
  year = {2004}
}

@article{Descotes-Genon:2013wba,
      author         = "Descotes-Genon, Sebastien and Matias, Joaquim and
Virto,
                        Javier",
      title          = "{Understanding the $B \to K^*\mu^+\mu^-$ Anomaly}",
      journal        = "Phys.Rev.",
      number         = "7",
      volume         = "D88",
      pages          = "074002",
      doi            = "10.1103/PhysRevD.88.074002",
      year           = "2013",
      eprint         = "1307.5683",
      archivePrefix  = "arXiv",
      primaryClass   = "hep-ph",
      reportNumber   = "UAB-FT-737, LPT-ORSAY-13-58",
      SLACcitation   = "%%CITATION = ARXIV:1307.5683;%%",
}

