
@article{PDG2014,
	author         = "Olive, K.A. and others",
	title          = "{Review of Particle Physics}",
	collaboration  = "Particle Data Group",
	journal        = "Chin.Phys.",
	volume         = "C38",
	pages          = "090001",
	doi            = "10.1088/1674-1137/38/9/090001",
	year           = "2014",
	SLACcitation   = "%%CITATION = CHPHD,C38,090001;%%",
}

@article{TomRDreview,
      author         = "Blake, T. and Gershon, T. and Hiller, G.",
      title          = "{Rare b hadron decays at the LHC}",
      journal        = "Ann.Rev.Nucl.Part.Sci.",
      volume         = "65",
      pages          = "8007",
      doi            = "10.1146/annurev-nucl-102014-022231",
      year           = "2015",
      eprint         = "1501.03309",
      archivePrefix  = "arXiv",
      primaryClass   = "hep-ex",
      reportNumber   = "DO-TH-14-30",
      SLACcitation   = "%%CITATION = ARXIV:1501.03309;%%",
}

@article{Hiller:2003js,
	author         = "Hiller, Gudrun and Kruger, Frank",
	title          = "{More model independent analysis of $b \to s$ processes}",
	journal        = "Phys.Rev.",
	volume         = "D69",
	pages          = "074020",
	doi            = "10.1103/PhysRevD.69.074020",
	year           = "2004",
	eprint         = "hep-ph/0310219",
	archivePrefix  = "arXiv",
	primaryClass   = "hep-ph",
	reportNumber   = "LMU-18-03, TUM-HEP-519-03",
	SLACcitation   = "%%CITATION = HEP-PH/0310219;%%",
}

@article{CMS:2014xfa,
      author         = "Khachatryan, Vardan and others",
      title          = "{Observation of the rare $B^0_s\to\mu^+\mu^-$ decay from
                        the combined analysis of CMS and LHCb data}",
      collaboration  = "CMS, LHCb",
      journal        = "Nature",
      volume         = "522",
      pages          = "68-72",
      doi            = "10.1038/nature14474",
      year           = "2015",
      eprint         = "1411.4413",
      archivePrefix  = "arXiv",
      primaryClass   = "hep-ex",
      reportNumber   = "CERN-PH-EP-2014-220, CMS-BPH-13-007, LHCB-PAPER-2014-049",
      SLACcitation   = "%%CITATION = ARXIV:1411.4413;%%",
}


@article{Wei:2009zv,
	author         = "Wei, J.-T. and others",
	title          = "{Measurement of the Differential Branching Fraction and Forward-Backword Asymmetry for $B \rightarrow K^{(*)}l^+l^-$}",
	collaboration  = "BELLE",
	journal        = "Phys.Rev.Lett.",
	volume         = "103",
	pages          = "171801",
	doi            = "10.1103/PhysRevLett.103.171801",
	year           = "2009",
	eprint         = "0904.0770",
	archivePrefix  = "arXiv",
	primaryClass   = "hep-ex",
	reportNumber   = "BELLE-PREPRINT-2009-7, KEK-PREPRINT-2008-56",
	SLACcitation   = "%%CITATION = ARXIV:0904.0770;%%",
}



@article{Lees:2012tva,
	author         = "Lees, J.P. and others",
	title          = "{Measurement of Branching Fractions and Rate Asymmetries in the Rare Decays $B \rightarrow K^{(*)} l^+ l^-$}",
	collaboration  = "BaBar",
	journal        = "Phys.Rev.",
	volume         = "D86",
	pages          = "032012",
	doi            = "10.1103/PhysRevD.86.032012",
	year           = "2012",
	eprint         = "1204.3933",
	archivePrefix  = "arXiv",
	primaryClass   = "hep-ex",
	reportNumber   = "SLAC-PUB-14957, BABAR-PUB-12-002",
	SLACcitation   = "%%CITATION = ARXIV:1204.3933;%%",
}


@misc{Loki_twiki,
	title = {LHCb Loki twiki},
	howpublished = {\url{https://twiki.cern.ch/twiki/bin/view/LHCb/LoKiHybridFilters}},
	note = {Unpublished}
}

@misc{ProbNNs_pres,
	title = "{ProbNN presentation at PPTS meeting}",
	howpublished = {\url{https://indico.cern.ch/event/226062/contribution/1/material/slides/0.pdf}},
	note = {Unpublished}
}

@article{Verkerke:2003ir,
	author         = "Verkerke, Wouter and Kirkby, David P.",
	title          = "{The RooFit toolkit for data modeling}",
	journal        = "eConf",
	volume         = "C0303241",
	pages          = "MOLT007",
	year           = "2003",
	eprint         = "physics/0306116",
	archivePrefix  = "arXiv",
	primaryClass   = "physics",
	reportNumber   = "CHEP-2003-MOLT007",
	SLACcitation   = "%%CITATION = PHYSICS/0306116;%%",
}


@article{LHCb:2003ab,
	key            = "629958",
	title          = "{LHCb technical design report: Reoptimized detector
		design and performance}",
	author        = "Aaij, R. and others",
	collaboration  = "LHCb",
	year           = "2003",
	eprint  = "CERN-LHCC-2003-030",
	reportNumber   = "CERN-LHCC-2003-030",
	SLACcitation   = "%%CITATION = CERN-LHCC-2003-030 ETC.;%%",
}

@article{sPlot,
	author         = "Pivk, Muriel and Le Diberder, Francois R.",
	title          = "{SPlot: A Statistical tool to unfold data distributions}",
	journal        = "Nucl.Instrum.Meth.",
	volume         = "A555",
	pages          = "356-369",
	doi            = "10.1016/j.nima.2005.08.106",
	year           = "2005",
	eprint         = "physics/0402083",
	archivePrefix  = "arXiv",
	primaryClass   = "physics.data-an",
	reportNumber   = "LAL-04-07",
	SLACcitation   = "%%CITATION = PHYSICS/0402083;%%",
}


@article{Aaij:1978280,
      author         = "Aaij, R. and others",
      title          = "{LHCb Detector Performance}",
      collaboration  = "LHCb",
      journal        = "Int. J. Mod. Phys.",
      volume         = "A30",
      year           = "2015",
      number         = "07",
      pages          = "1530022",
      doi            = "10.1142/S0217751X15300227",
      eprint         = "1412.6352",
      archivePrefix  = "arXiv",
      primaryClass   = "hep-ex",
      reportNumber   = "LHCB-DP-2014-002, CERN-PH-EP-2014-290",
      SLACcitation   = "%%CITATION = ARXIV:1412.6352;%%"
}


@article{Ali:2002jg,
	author         = "Ali, A. and Lunghi, E. and Greub, C. and Hiller, G.",
	title          = "{Improved model independent analysis of semileptonic and
		radiative rare $B$ decays}",
journal        = "Phys.Rev.",
volume         = "D66",
pages          = "034002",
doi            = "10.1103/PhysRevD.66.034002",
year           = "2002",
eprint         = "hep-ph/0112300",
archivePrefix  = "arXiv",
primaryClass   = "hep-ph",
reportNumber   = "SLAC-PUB-9076, DESY-01-217, BUTP-01-21",
SLACcitation   = "%%CITATION = HEP-PH/0112300;%%",
}


@article{Evans:2009zzc,
	author         = "Evans, Lyndon",
	title          = "{The LHC machine}",
	journal        = "PoS",
	volume         = "EPS-HEP2009",
	pages          = "004",
	year           = "2009",
	SLACcitation   = "%%CITATION = POSCI,EPS-HEP2009,004;%%",
}

@article{Brun:2000es,
	author         = "Brun, R. and Rademakers, F. and Panacek, S.",
	title          = "{ROOT, an object oriented data analysis framework}",
	journal        = "Conf.Proc.",
	volume         = "C000917",
	pages          = "11-42",
	year           = "2000",
	SLACcitation   = "%%CITATION = CONFP,C000917,11;%%",
}

@article{Glashow:1961tr,
	author         = "Glashow, S.L.",
	title          = "{Partial Symmetries of Weak Interactions}",
	journal        = "Nucl.Phys.",
	volume         = "22",
	pages          = "579-588",
	doi            = "10.1016/0029-5582(61)90469-2",
	year           = "1961",
	SLACcitation   = "%%CITATION = NUPHA,22,579;%%",
}


@article{Strocchi:1977za,
	author         = "Strocchi, F.",
	title          = "{Spontaneous Symmetry Breaking in Local Gauge Quantum
		Field Theory: The Higgs Mechanism}",
journal        = "Commun.Math.Phys.",
volume         = "56",
pages          = "57",
doi            = "10.1007/BF01611117",
year           = "1977",
reportNumber   = "Print-77-0197 (PRINCETON)",
SLACcitation   = "%%CITATION = CMPHA,56,57;%%",
}


@article{Wu:1957my,
	author         = "Wu, C.S. and Ambler, E. and Hayward, R.W. and Hoppes,
	D.D. and Hudson, R.P.",
	title          = "{Experimental Test of Parity Conservation in Beta Decay}",
	journal        = "Phys.Rev.",
	volume         = "105",
	pages          = "1413-1414",
	doi            = "10.1103/PhysRev.105.1413",
	year           = "1957",
	SLACcitation   = "%%CITATION = PHRVA,105,1413;%%",
}


@article{Charles:2015gya,
	author         = "Charles, J. and Deschamps, O. and Descotes-Genon, S. and Lacker, H. and Menzel, A. and others",
	title          = "{Current status of the Standard Model CKM fit and constraints on $\Delta F=2$ New Physics}",
	journal        = "Phys.Rev.",
	volume         = "D91",
	pages          = "073007",
	doi            = "10.1103/PhysRevD.91.073007",
	year           = "2015",
	eprint         = "1501.05013",
	archivePrefix  = "arXiv",
	primaryClass   = "hep-ph",
	reportNumber   = "LPT-ORSAY-15-04",
	SLACcitation   = "%%CITATION = ARXIV:1501.05013;%%",
}


@article{Zwicky:1933gu,
      author         = "Zwicky, F.",
      title          = "{Spectral displacement of extra galactic nebulae}",
      journal        = "Helv.Phys.Acta",
      volume         = "6",
      pages          = "110-127",
      year           = "1933",
      SLACcitation   = "%%CITATION = HPACA,6,110;%%",
}

@article{Dunkley:2008ie,
      author         = "Dunkley, J. and others",
      title          = "{Five-Year Wilkinson Microwave Anisotropy Probe (WMAP)
                        Observations: Likelihoods and Parameters from the WMAP
                        data}",
      collaboration  = "WMAP Collaboration",
      journal        = "Astrophys.J.Suppl.",
      volume         = "180",
      pages          = "306-329",
      doi            = "10.1088/0067-0049/180/2/306",
      year           = "2009",
      eprint         = "0803.0586",
      archivePrefix  = "arXiv",
      primaryClass   = "astro-ph",
      SLACcitation   = "%%CITATION = ARXIV:0803.0586;%%",
}


@article{Gavela:1993ts,
      author         = "Gavela, M.B. and Hernandez",
      title          = "{Standard model CP violation and baryon asymmetry}",
      journal        = "Mod.Phys.Lett.",
      volume         = "A9",
      pages          = "795-810",
      doi            = "10.1142/S0217732394000629",
      year           = "1994",
      eprint         = "hep-ph/9312215",
      archivePrefix  = "arXiv",
      primaryClass   = "hep-ph",
      reportNumber   = "CERN-TH-7081-93, LPTHE-ORSAY-93-48, HUTP-93-A036,
                        HD-THEP-93-45",
      SLACcitation   = "%%CITATION = HEP-PH/9312215;%%",
}




@article{Maltoni:2011zz,
      author         = "Maltoni, Michele",
      title          = "{Status of three-neutrino oscillations}",
      journal        = "PoS",
      volume         = "EPS-HEP2011",
      pages          = "090",
      year           = "2011",
      SLACcitation   = "%%CITATION = POSCI,EPS-HEP2011,090;%%",
}


@article{Fayet:1976cr,
      author         = "Fayet, Pierre and Ferrara, S.",
      title          = "{Supersymmetry}",
      journal        = "Phys.Rept.",
      volume         = "32",
      pages          = "249-334",
      doi            = "10.1016/0370-1573(77)90066-7",
      year           = "1977",
      reportNumber   = "LPTENS-76-11",
      SLACcitation   = "%%CITATION = PRPLC,32,249;%%",
}



@article{Susskind:1978ms,
      author         = "Susskind, Leonard",
      title          = "{Dynamics of Spontaneous Symmetry Breaking in the
                        Weinberg-Salam Theory}",
      journal        = "Phys.Rev.",
      volume         = "D20",
      pages          = "2619-2625",
      doi            = "10.1103/PhysRevD.20.2619",
      year           = "1979",
      reportNumber   = "SLAC-PUB-2142",
      SLACcitation   = "%%CITATION = PHRVA,D20,2619;%%",
}







@article{ArkaniHamed:2001nc,
      author         = "Arkani-Hamed, Nima and Cohen, Andrew G. and Georgi,
                        Howard",
      title          = "{Electroweak symmetry breaking from dimensional
                        deconstruction}",
      journal        = "Phys.Lett.",
      volume         = "B513",
      pages          = "232-240",
      doi            = "10.1016/S0370-2693(01)00741-9",
      year           = "2001",
      eprint         = "hep-ph/0105239",
      archivePrefix  = "arXiv",
      primaryClass   = "hep-ph",
      reportNumber   = "HUTP-01-A024, BUHEP-01-06, UCB-PTH-01-15",
      SLACcitation   = "%%CITATION = HEP-PH/0105239;%%",
}


@article{Randall:1999ee,
      author         = "Randall, Lisa and Sundrum, Raman",
      title          = "{A Large mass hierarchy from a small extra dimension}",
      journal        = "Phys.Rev.Lett.",
      volume         = "83",
      pages          = "3370-3373",
      doi            = "10.1103/PhysRevLett.83.3370",
      year           = "1999",
      eprint         = "hep-ph/9905221",
      archivePrefix  = "arXiv",
      primaryClass   = "hep-ph",
      reportNumber   = "MIT-CTP-2860, PUPT-1860, BUHEP-99-9",
      SLACcitation   = "%%CITATION = HEP-PH/9905221;%%",
}




@article{Isidori:2012ts,
      author         = "Isidori, Gino and Straub, David M.",
      title          = "{Minimal Flavour Violation and Beyond}",
      journal        = "Eur.Phys.J.",
      volume         = "C72",
      pages          = "2103",
      doi            = "10.1140/epjc/s10052-012-2103-1",
      year           = "2012",
      eprint         = "1202.0464",
      archivePrefix  = "arXiv",
      primaryClass   = "hep-ph",
      SLACcitation   = "%%CITATION = ARXIV:1202.0464;%%",
}


@article{Feng:2013pwa,
      author         = "Feng, Jonathan L.",
      title          = "{Naturalness and the Status of Supersymmetry}",
      journal        = "Ann.Rev.Nucl.Part.Sci.",
      volume         = "63",
      pages          = "351-382",
      doi            = "10.1146/annurev-nucl-102010-130447",
      year           = "2013",
      eprint         = "1302.6587",
      archivePrefix  = "arXiv",
      primaryClass   = "hep-ph",
      reportNumber   = "UCI-TR-2013-01",
      SLACcitation   = "%%CITATION = ARXIV:1302.6587;%%",
}


@article{Buras:2014zga,
      author         = "Buras, Andrzej J. and Buttazzo, Dario and Girrbach-Noe,
                        Jennifer and Knegjens, Robert",
      title          = "{Can we reach the Zeptouniverse with rare K and $B_{s,d}$ decays?}",
      journal        = "JHEP",
      volume         = "1411",
      pages          = "121",
      doi            = "10.1007/JHEP11(2014)121",
      year           = "2014",
      eprint         = "1408.0728",
      archivePrefix  = "arXiv",
      primaryClass   = "hep-ph",
      reportNumber   = "FLAVOUR(267104)-ERC-75",
      SLACcitation   = "%%CITATION = ARXIV:1408.0728;%%",
}

@article{Hiller:2014yaa,
      author         = "Hiller, Gudrun and Schmaltz, Martin",
      title          = "{$R_K$ and future $b \to s \ell \ell$ physics beyond the
                        standard model opportunities}",
      journal        = "Phys.Rev.",
      volume         = "D90",
      pages          = "054014",
      doi            = "10.1103/PhysRevD.90.054014",
      year           = "2014",
      eprint         = "1408.1627",
      archivePrefix  = "arXiv",
      primaryClass   = "hep-ph",
      reportNumber   = "DO-TH-14-17",
      SLACcitation   = "%%CITATION = ARXIV:1408.1627;%%",
}

@article{Buchalla:1995vs,
      author         = "Buchalla, Gerhard and Buras, Andrzej J. and Lautenbacher,
                        Markus E.",
      title          = "{Weak decays beyond leading logarithms}",
      journal        = "Rev.Mod.Phys.",
      volume         = "68",
      pages          = "1125-1144",
      doi            = "10.1103/RevModPhys.68.1125",
      year           = "1996",
      eprint         = "hep-ph/9512380",
      archivePrefix  = "arXiv",
      primaryClass   = "hep-ph",
      reportNumber   = "SLAC-PUB-7009, SLAC-PUB-95-7009, MPI-PH-95-104,
                        TUM-T31-100-95, FERMILAB-PUB-95-305-T",
      SLACcitation   = "%%CITATION = HEP-PH/9512380;%%",
}

@article{Chetyrkin:1996vx,
      author         = "Chetyrkin, Konstantin G. and Misiak, Mikolaj and Munz,
                        Manfred",
      title          = "{Weak radiative B meson decay beyond leading logarithms}",
      journal        = "Phys.Lett.",
      volume         = "B400",
      pages          = "206-219",
      doi            = "10.1016/S0370-2693(97)00324-9",
      year           = "1997",
      eprint         = "hep-ph/9612313",
      archivePrefix  = "arXiv",
      primaryClass   = "hep-ph",
      reportNumber   = "ZU-TH-24-96, TUM-HEP-263-96, MPI-PHT-96-123",
      SLACcitation   = "%%CITATION = HEP-PH/9612313;%%",
}


@article{Buras:1998raa,
      author         = "Buras, Andrzej J.",
      title          = "{Weak Hamiltonian, CP violation and rare decays}",
      booktitle      = "{Probing the standard model of particle interactions.
                        Proceedings, Summer School in Theoretical Physics, NATO
                        Advanced Study Institute, 68th session, Les Houches,
                        France, July 28-September 5, 1997. Pt. 1, 2}",
      url            = "http://alice.cern.ch/format/showfull?sysnb=0282793",
      year           = "1998",
      pages          = "281-539",
      eprint         = "hep-ph/9806471",
      archivePrefix  = "arXiv",
      primaryClass   = "hep-ph",
      reportNumber   = "TUM-HEP-316-98",
      SLACcitation   = "%%CITATION = HEP-PH/9806471;%%"
}

@article{Bobeth:2013uxa,
      author         = "Bobeth, Christoph and Gorbahn, Martin and Hermann, Thomas
                        and Misiak, Mikolaj and Stamou, Emmanuel and others",
      title          = "{$B_{s,d} \to l^+ l^-$ in the Standard Model with Reduced
                        Theoretical Uncertainty}",
      journal        = "Phys.Rev.Lett.",
      volume         = "112",
      pages          = "101801",
      doi            = "10.1103/PhysRevLett.112.101801",
      year           = "2014",
      eprint         = "1311.0903",
      archivePrefix  = "arXiv",
      primaryClass   = "hep-ph",
      reportNumber   = "FLAVOUR(267104)-ERC-53, LTH-990, SFB-CPP-13-82,
                        TTP13-033",
      SLACcitation   = "%%CITATION = ARXIV:1311.0903;%%",
}

@article{Ahmed:2001eh,
      author         = "Ahmed, M. and others",
      title          = "{Search for the lepton family number nonconserving decay
                        $mu^+ \to e^+ \gamma$}",
      collaboration  = "MEGA",
      journal        = "Phys.Rev.",
      volume         = "D65",
      pages          = "112002",
      doi            = "10.1103/PhysRevD.65.112002",
      year           = "2002",
      eprint         = "hep-ex/0111030",
      archivePrefix  = "arXiv",
      primaryClass   = "hep-ex",
      SLACcitation   = "%%CITATION = HEP-EX/0111030;%%",
}


@article{Bellgardt:1987du,
      author         = "Bellgardt, U. and others",
      title          = "{Search for the Decay $mu^+ \to e^+ e^+ e^-$}",
      collaboration  = "SINDRUM",
      journal        = "Nucl.Phys.",
      volume         = "B299",
      pages          = "1",
      doi            = "10.1016/0550-3213(88)90462-2",
      year           = "1988",
      reportNumber   = "SIN-PR-87-09",
      SLACcitation   = "%%CITATION = NUPHA,B299,1;%%",
}

@article{Marciano:2008zz,
      author         = "Marciano, William J. and Mori, Toshinori and Roney, J.
                        Michael",
      title          = "{Charged Lepton Flavor Violation Experiments}",
      journal        = "Ann.Rev.Nucl.Part.Sci.",
      volume         = "58",
      pages          = "315-341",
      doi            = "10.1146/annurev.nucl.58.110707.171126",
      year           = "2008",
      SLACcitation   = "%%CITATION = ARNUA,58,315;%%",
}

@article{Aaij:2015xza,
      author         = "Aaij, R. and others",
      title          = "{Differential branching fraction and angular analysis of
                        $\Lambda^{0}_{b} \rightarrow \Lambda \mu^+\mu^-$ decays}",
      collaboration  = "LHCb",
      journal        = "JHEP",
      volume         = "1506",
      pages          = "115",
      doi            = "10.1007/JHEP06(2015)115",
      year           = "2015",
      eprint         = "1503.07138",
      archivePrefix  = "arXiv",
      primaryClass   = "hep-ex",
      reportNumber   = "LHCB-PAPER-2015-009, CERN-PH-EP-2015-078",
      SLACcitation   = "%%CITATION = ARXIV:1503.07138;%%",
}

@article{Aaij:2014pli,
      author         = "Aaij, R. and others",
      title          = "{Differential branching fractions and isospin asymmetries
                        of $B \to K^{(*)} \mu^+ \mu^-$ decays}",
      collaboration  = "LHCb",
      journal        = "JHEP",
      volume         = "1406",
      pages          = "133",
      doi            = "10.1007/JHEP06(2014)133",
      year           = "2014",
      eprint         = "1403.8044",
      archivePrefix  = "arXiv",
      primaryClass   = "hep-ex",
      reportNumber   = "LHCB-PAPER-2014-006, CERN-PH-EP-2014-055",
      SLACcitation   = "%%CITATION = ARXIV:1403.8044;%%",
}

@article{Aaij:1569212,
      author        = "Aaij, R. and others",
      title         = "{Measurement of form-factor independent observables in the
                       decay $B^{0} \to K^{*0} \mu^+ \mu^-$}",
      journal       = "Phys. Rev. Lett.",
      collaboration = "LHCb",
      number        = "arXiv:1308.1707. LHCB-PAPER-2013-037. CERN-PH-EP-2013-146",
      volume        = "111",
      pages         = "191801. 14 p",
      month         = "Aug",
      year          = "2013",
      reportNumber  = "arXiv:1308.1707",
      url           = "https://cds.cern.ch/record/1569212",
}

@article{Hiller:2014ula,
      author         = "Hiller, Gudrun and Schmaltz, Martin",
      title          = "{Diagnosing lepton-nonuniversality in $b \to s \ell
                        \ell$}",
      journal        = "JHEP",
      volume         = "1502",
      pages          = "055",
      doi            = "10.1007/JHEP02(2015)055",
      year           = "2015",
      eprint         = "1411.4773",
      archivePrefix  = "arXiv",
      primaryClass   = "hep-ph",
      reportNumber   = "DO-TH-14-25, QFET-2014-21",
      SLACcitation   = "%%CITATION = ARXIV:1411.4773;%%",
}

@article{Feldman:1997qc,
      author         = "Feldman, Gary J. and Cousins, Robert D.",
      title          = "{A Unified approach to the classical statistical analysis
                        of small signals}",
      journal        = "Phys.Rev.",
      volume         = "D57",
      pages          = "3873-3889",
      doi            = "10.1103/PhysRevD.57.3873",
      year           = "1998",
      eprint         = "physics/9711021",
      archivePrefix  = "arXiv",
      primaryClass   = "physics.data-an",
      reportNumber   = "HUTP-97-A096",
      SLACcitation   = "%%CITATION = PHYSICS/9711021;%%",
}



@article{Buras:2003jf,
      author         = "Buras, Andrzej J.",
      title          = "{Minimal flavor violation}",
      journal        = "Acta Phys.Polon.",
      volume         = "B34",
      pages          = "5615-5668",
      year           = "2003",
      eprint         = "hep-ph/0310208",
      archivePrefix  = "arXiv",
      primaryClass   = "hep-ph",
      reportNumber   = "TUM-HEP-530-03",
      SLACcitation   = "%%CITATION = HEP-PH/0310208;%%",
}

@article{Meinel:2014wua,
      author         = "Meinel, Stefan",
      title          = "{Flavor physics with $\Lambda_b$ baryons}",
      journal        = "PoS",
      volume         = "LATTICE2013",
      pages          = "024",
      year           = "2014",
      eprint         = "1401.2685",
      archivePrefix  = "arXiv",
      primaryClass   = "hep-lat",
      reportNumber   = "MIT-CTP-4524",
      SLACcitation   = "%%CITATION = ARXIV:1401.2685;%%",
}

@article{Aaij:2010gn,
      author         = "Aaij, R. and others",
      title          = "{Measurement of $\sigma(pp \to b \bar{b} X)$ at
                        $\sqrt{s}=7~\rm{TeV}$ in the forward region}",
      collaboration  = "LHCb",
      journal        = "Phys.Lett.",
      volume         = "B694",
      pages          = "209-216",
      doi            = "10.1016/j.physletb.2010.10.010",
      year           = "2010",
      eprint         = "1009.2731",
      archivePrefix  = "arXiv",
      primaryClass   = "hep-ex",
      reportNumber   = "CERN-PH-EP-2010-029, LHCb-PAPER-2010-002",
      SLACcitation   = "%%CITATION = ARXIV:1009.2731;%%",
}


@article{Bauer:2000yr,
      author         = "Bauer, Christian W. and Fleming, Sean and Pirjol, Dan and
                        Stewart, Iain W.",
      title          = "{An Effective field theory for collinear and soft gluons:
                        Heavy to light decays}",
      journal        = "Phys.Rev.",
      volume         = "D63",
      pages          = "114020",
      doi            = "10.1103/PhysRevD.63.114020",
      year           = "2001",
      eprint         = "hep-ph/0011336",
      archivePrefix  = "arXiv",
      primaryClass   = "hep-ph",
      reportNumber   = "UCSD-PTH-00-28",
      SLACcitation   = "%%CITATION = HEP-PH/0011336;%%",
}



@article{DellaMorte:2015yda,
      author         = "Della Morte, Michele and Heitger, Jochen and Simma,
                        Hubert and Sommer, Rainer",
      title          = "{Non-perturbative Heavy Quark Effective Theory: An
                        application to semi-leptonic B-decays}",
      journal        = "Nucl.Part.Phys.Proc.",
      volume         = "261-262",
      pages          = "368-377",
      doi            = "10.1016/j.nuclphysbps.2015.03.023",
      year           = "2015",
      eprint         = "1501.03328",
      archivePrefix  = "arXiv",
      primaryClass   = "hep-lat",
      reportNumber   = "SFB-CPP-14-102, DESY-15-007, CP3-ORIGINS-2014-048-DNRF90,
                        --DIAS-2014-48, MS-TP-15-01",
      SLACcitation   = "%%CITATION = ARXIV:1501.03328;%%",
}

@article{Khodjamirian:2010vf,
      author         = "Khodjamirian, A. and Mannel, Th. and Pivovarov, A.A. and
                        Wang, Y.-M.",
      title          = "{Charm-loop effect in $B \to K^{(*)} \ell^{+} \ell^{-}$
                        and $B\to K^*\gamma$}",
      journal        = "JHEP",
      volume         = "1009",
      pages          = "089",
      doi            = "10.1007/JHEP09(2010)089",
      year           = "2010",
      eprint         = "1006.4945",
      archivePrefix  = "arXiv",
      primaryClass   = "hep-ph",
      reportNumber   = "SI-HEP-2010-08",
      SLACcitation   = "%%CITATION = ARXIV:1006.4945;%%",
}


@article{Aaij:1981106,
      author        = "Aaij, Roel and others",
      title         = "{Angular analysis of the $B^0 \rightarrow K^{*0} e^+ e^-$
                       decay in the low-$q^2$ region}",
      journal       = "JHEP",
      collaboration = "LHCb",
      number        = "arXiv:1501.03038. LHCB-PAPER-2014-066.
                       CERN-PH-EP-2014-301",
      volume        = "04",
      pages         = "064. 18 p",
      month         = "Jan",
      year          = "2015",
      reportNumber  = "arXiv:1501.03038",
      url           = "http://cds.cern.ch/record/1981106",
}

@article{Aaij:2014bsa,
      author         = "Aaij, Roel and others",
      title          = "{Measurement of $C\!P$ asymmetries in the decays $B^0
                        \rightarrow K^{*0} \mu^+ \mu^-$ and $B^+ \rightarrow K^{+}
                        \mu^+ \mu^-$}",
      collaboration  = "LHCb",
      journal        = "JHEP",
      volume         = "1409",
      pages          = "177",
      doi            = "10.1007/JHEP09(2014)177",
      year           = "2014",
      eprint         = "1408.0978",
      archivePrefix  = "arXiv",
      primaryClass   = "hep-ex",
      reportNumber   = "CERN-PH-EP-2014-191, LHCB-PAPER-2014-032",
      SLACcitation   = "%%CITATION = ARXIV:1408.0978;%%",
}


@article{Behari:2013xc,
      author         = "Behari, Satyajit",
      title          = "{CDF results on $b \to s \mu \mu$ decays}",
      collaboration  = "CDF",
      year           = "2013",
      eprint         = "1301.2244",
      archivePrefix  = "arXiv",
      primaryClass   = "hep-ex",
      reportNumber   = "FERMILAB-CONF-13-012-E",
      SLACcitation   = "%%CITATION = ARXIV:1301.2244;%%",
}

@article{Sjostrand:2007gs,
      author         = "Sjostrand, Torbjorn and Mrenna, Stephen and Skands, Peter
                        Z.",
      title          = "{A Brief Introduction to PYTHIA 8.1}",
      journal        = "Comput. Phys. Commun.",
      volume         = "178",
      year           = "2008",
      pages          = "852-867",
      doi            = "10.1016/j.cpc.2008.01.036",
      eprint         = "0710.3820",
      archivePrefix  = "arXiv",
      primaryClass   = "hep-ph",
      reportNumber   = "CERN-LCGAPP-2007-04, LU-TP-07-28,
                        FERMILAB-PUB-07-512-CD-T",
      SLACcitation   = "%%CITATION = ARXIV:0710.3820;%%"
}


@article{Aad:2012tfa,
      author         = "Aad, Georges and others",
      title          = "{Observation of a new particle in the search for the
                        Standard Model Higgs boson with the ATLAS detector at the
                        LHC}",
      collaboration  = "ATLAS",
      journal        = "Phys. Lett.",
      volume         = "B716",
      year           = "2012",
      pages          = "1-29",
      doi            = "10.1016/j.physletb.2012.08.020",
      eprint         = "1207.7214",
      archivePrefix  = "arXiv",
      primaryClass   = "hep-ex",
      reportNumber   = "CERN-PH-EP-2012-218",
      SLACcitation   = "%%CITATION = ARXIV:1207.7214;%%"
}

@article{Aaij:2015tga,
      author         = "Aaij, Roel and others",
      title          = "{Observation of $J/\psi p$ resonances consistent with
                        pentaquark states in ${\Lambda\_b^0\to J/\psi K^-p}$
                        decays}",
      collaboration  = "LHCb",
      year           = "2015",
      eprint         = "1507.03414",
      archivePrefix  = "arXiv",
      primaryClass   = "hep-ex",
      reportNumber   = "CERN-PH-EP-2015-153, LHCB-PAPER-2015-029",
      SLACcitation   = "%%CITATION = ARXIV:1507.03414;%%"
}

@article{Aaij:2014jqa,
      author         = "Aaij, Roel and others",
      title          = "{Observation of the resonant character of the $Z(4430)^-$
                        state}",
      collaboration  = "LHCb",
      journal        = "Phys. Rev. Lett.",
      volume         = "112",
      year           = "2014",
      number         = "22",
      pages          = "222002",
      doi            = "10.1103/PhysRevLett.112.222002",
      eprint         = "1404.1903",
      archivePrefix  = "arXiv",
      primaryClass   = "hep-ex",
      reportNumber   = "LHCB-PAPER-2014-014, CERN-PH-EP-2014-061",
      SLACcitation   = "%%CITATION = ARXIV:1404.1903;%%"
}

@article{Cleveland:1998nv,
      author         = "Cleveland, B. T. and Daily, Timothy and Davis, Jr.,
                        Raymond and Distel, James R. and Lande, Kenneth and Lee,
                        C. K. and Wildenhain, Paul S. and Ullman, Jack",
      title          = "{Measurement of the solar electron neutrino flux with the
                        Homestake chlorine detector}",
      journal        = "Astrophys. J.",
      volume         = "496",
      year           = "1998",
      pages          = "505-526",
      doi            = "10.1086/305343",
      SLACcitation   = "%%CITATION = ASJOA,496,505;%%"
}

@article{Fukuda:1998mi,
      author         = "Fukuda, Y. and others",
      title          = "{Evidence for oscillation of atmospheric neutrinos}",
      collaboration  = "Super-Kamiokande",
      journal        = "Phys. Rev. Lett.",
      volume         = "81",
      year           = "1998",
      pages          = "1562-1567",
      doi            = "10.1103/PhysRevLett.81.1562",
      eprint         = "hep-ex/9807003",
      archivePrefix  = "arXiv",
      primaryClass   = "hep-ex",
      reportNumber   = "BU-98-17, ICRR-REPORT-422-98-18, UCI-98-8,
                        KEK-PREPRINT-98-95, LSU-HEPA-5-98, UMD-98-003, SBHEP-98-5,
                        TKU-PAP-98-06, TIT-HPE-98-09",
      SLACcitation   = "%%CITATION = HEP-EX/9807003;%%"
}


@article{Eguchi:2002dm,
      author         = "Eguchi, K. and others",
      title          = "{First results from KamLAND: Evidence for reactor
                        anti-neutrino disappearance}",
      collaboration  = "KamLAND",
      journal        = "Phys. Rev. Lett.",
      volume         = "90",
      year           = "2003",
      pages          = "021802",
      doi            = "10.1103/PhysRevLett.90.021802",
      eprint         = "hep-ex/0212021",
      archivePrefix  = "arXiv",
      primaryClass   = "hep-ex",
      SLACcitation   = "%%CITATION = HEP-EX/0212021;%%"
}


@article{Crivellin:2014zpa,
      author         = "Crivellin, Andreas and Pokorski, Stefan",
      title          = "{Can the differences in the determinations of $V\_{ub}$
                        and $V\_{cb}$ be explained by New Physics?}",
      journal        = "Phys. Rev. Lett.",
      volume         = "114",
      year           = "2015",
      number         = "1",
      pages          = "011802",
      doi            = "10.1103/PhysRevLett.114.011802",
      eprint         = "1407.1320",
      archivePrefix  = "arXiv",
      primaryClass   = "hep-ph",
      reportNumber   = "CERN-PH-TH-2014-124",
      SLACcitation   = "%%CITATION = ARXIV:1407.1320;%%"
}

@article{Altmannshofer:2014rta,
      author         = "Altmannshofer, Wolfgang and Straub, David M.",
      title          = "{New physics in $b\rightarrow s$ transitions after LHC run 1}",
      journal        = "Eur. Phys. J.",
      volume         = "C75",
      year           = "2015",
      number         = "8",
      pages          = "382",
      doi            = "10.1140/epjc/s10052-015-3602-7",
      eprint         = "1411.3161",
      archivePrefix  = "arXiv",
      primaryClass   = "hep-ph",
      SLACcitation   = "%%CITATION = ARXIV:1411.3161;%%"
}


@article{Crivellin:2015mga,
      author         = "Crivellin, Andreas and D?Ambrosio, Giancarlo and Heeck,
                        Julian",
      title          = "{Explaining $h\to\mu^\pm\tau^\mp$, $B\to K^* \mu^+\mu^-$
                        and $B\to K \mu^+\mu^-/B\to K e^+e^-$ in a
                        two-Higgs-doublet model with gauged $L\_\mu-L\_\tau$}",
      journal        = "Phys. Rev. Lett.",
      volume         = "114",
      year           = "2015",
      pages          = "151801",
      doi            = "10.1103/PhysRevLett.114.151801",
      eprint         = "1501.00993",
      archivePrefix  = "arXiv",
      primaryClass   = "hep-ph",
      reportNumber   = "CERN-PH-TH-2015-001, ULB-TH-14-26",
      SLACcitation   = "%%CITATION = ARXIV:1501.00993;%%"
}


@article{Aaij:2015bfa,
      author         = "Aaij, Roel and others",
      title          = "{Determination of the quark coupling strength $|V\_{ub}|$
                        using baryonic decays}",
      collaboration  = "LHCb",
      year           = "2015",
      eprint         = "1504.01568",
      archivePrefix  = "arXiv",
      primaryClass   = "hep-ex",
      reportNumber   = "CERN-PH-EP-2015-084, LHCB-PAPER-2015-013",
      SLACcitation   = "%%CITATION = ARXIV:1504.01568;%%"
}

@article{Melikhov:2000yu,
    author         = "Melikhov, D. and Stech, B.",
    title          = "{Weak form-factors for heavy meson decays: An Update}",
    journal        = "Phys. Rev.",
    volume         = "D62",
    year           = "2000",
    pages          = "014006",
    doi            = "10.1103/PhysRevD.62.014006",
    eprint         = "hep-ph/0001113",
    archivePrefix  = "arXiv",
    primaryClass   = "hep-ph",
    reportNumber   = "HD-THEP-00-01",
    SLACcitation   = "%%CITATION = HEP-PH/0001113;%%"
}


@article{Ball:2004ye,
    author         = "Ball, Patricia and Zwicky, Roman",
    title          = "{New results on $B \to \pi, K, \eta$ decay form factors from
        light-cone sum rules}",
journal        = "Phys. Rev.",
volume         = "D71",
year           = "2005",
pages          = "014015",
doi            = "10.1103/PhysRevD.71.014015",
eprint         = "hep-ph/0406232",
archivePrefix  = "arXiv",
primaryClass   = "hep-ph",
reportNumber   = "IPPP-04-23, DCPT-04-46, TPI-MINN-04-25",
SLACcitation   = "%%CITATION = HEP-PH/0406232;%%"
}

#Default form factors
@article{Ali:1999mm,
    author         = "Ali, Ahmed and Ball, Patricia and Handoko, L. T. and
        Hiller, G.",
    title          = "{A Comparative study of the decays $B \to$ ($K$, $K^{*)}
    \ell^+ \ell^-$ in standard model and supersymmetric
        theories}",
journal        = "Phys. Rev.",
volume         = "D61",
year           = "2000",
pages          = "074024",
doi            = "10.1103/PhysRevD.61.074024",
eprint         = "hep-ph/9910221",
archivePrefix  = "arXiv",
primaryClass   = "hep-ph",
reportNumber   = "SLAC-PUB-8269, DESY-99-146, CERN-TH-99-298, LNF-99-026-P",
SLACcitation   = "%%CITATION = HEP-PH/9910221;%%"
}

@article{Aaij:2014ora,
      author         = "Aaij, Roel and others",
      title          = "{Test of lepton universality using $B^{+}\rightarrow
                        K^{+}\ell^{+}\ell^{-}$ decays}",
      collaboration  = "LHCb",
      journal        = "Phys. Rev. Lett.",
      volume         = "113",
      year           = "2014",
      pages          = "151601",
      doi            = "10.1103/PhysRevLett.113.151601",
      eprint         = "1406.6482",
      archivePrefix  = "arXiv",
      primaryClass   = "hep-ex",
      reportNumber   = "CERN-PH-EP-2014-140, LHCB-PAPER-2014-024",
      SLACcitation   = "%%CITATION = ARXIV:1406.6482;%%"
}


@article{Andersson:1992iq,
      author         = "Andersson, Bo and Gustafson, G. and Pi, Hong",
      title          = "{The FRITIOF model for very high-energy hadronic
                        collisions}",
      journal        = "Z. Phys.",
      volume         = "C57",
      year           = "1993",
      pages          = "485-494",
      doi            = "10.1007/BF01474343",
      reportNumber   = "LU-TP-92-20",
      SLACcitation   = "%%CITATION = ZEPYA,C57,485;%%"
}

@article{Bertini:1963zzc,
      author         = "Bertini, Hugo W.",
      title          = "{Low-Energy Intranuclear Cascade Calculation}",
      journal        = "Phys. Rev.",
      volume         = "131",
      year           = "1963",
      pages          = "1801-1821",
      doi            = "10.1103/PhysRev.131.1801",
      SLACcitation   = "%%CITATION = PHRVA,131,1801;%%"
}


@article{James:1975dr,
      author         = "James, F. and Roos, M.",
      title          = "{Minuit: A System for Function Minimization and Analysis
                        of the Parameter Errors and Correlations}",
      journal        = "Comput. Phys. Commun.",
      volume         = "10",
      year           = "1975",
      pages          = "343-367",
      doi            = "10.1016/0010-4655(75)90039-9",
      reportNumber   = "CERN-DD-75-20",
      SLACcitation   = "%%CITATION = CPHCB,10,343;%%"
}

@article{Abbon:2007pq,
      author         = "Abbon, P. and others",
      title          = "{The COMPASS experiment at CERN}",
      collaboration  = "COMPASS",
      journal        = "Nucl. Instrum. Meth.",
      volume         = "A577",
      year           = "2007",
      pages          = "455-518",
      doi            = "10.1016/j.nima.2007.03.026",
      eprint         = "hep-ex/0703049",
      archivePrefix  = "arXiv",
      primaryClass   = "hep-ex",
      reportNumber   = "CERN-PH-EP-2007-001",
      SLACcitation   = "%%CITATION = HEP-EX/0703049;%%"
}

@article{Pontecorvo:1967fh,
      author         = "Pontecorvo, B.",
      title          = "{Neutrino Experiments and the Problem of Conservation of
                        Leptonic Charge}",
      journal        = "Sov. Phys. JETP",
      volume         = "26",
      year           = "1968",
      pages          = "984-988",
      note           = "[Zh. Eksp. Teor. Fiz.53,1717(1967)]",
      SLACcitation   = "%%CITATION = SPHJA,26,984;%%"
}

@article{Maki:1962mu,
      author         = "Maki, Ziro and Nakagawa, Masami and Sakata, Shoichi",
      title          = "{Remarks on the unified model of elementary particles}",
      journal        = "Prog. Theor. Phys.",
      volume         = "28",
      year           = "1962",
      pages          = "870-880",
      doi            = "10.1143/PTP.28.870",
      SLACcitation   = "%%CITATION = PTPKA,28,870;%%"
}

@article{Ellis:1984gi,
      author         = "Ellis, John R. and Gelmini, G. and Jarlskog, C. and Ross,
                        Graham G. and Valle, J. W. F.",
      title          = "{Phenomenology of Supersymmetry with Broken R-Parity}",
      journal        = "Phys. Lett.",
      volume         = "B150",
      year           = "1985",
      pages          = "142",
      doi            = "10.1016/0370-2693(85)90157-1",
      reportNumber   = "RAL-84-085",
      SLACcitation   = "%%CITATION = PHLTA,B150,142;%%"
}

@article{Detmold:2016pkz,
      author         = "Detmold, William and Meinel, Stefan",
      title          = "{$\Lambda_b \to \Lambda \ell^+ \ell^-$ form factors,
                        differential branching fraction, and angular observables
                        from lattice QCD with relativistic $b$ quarks}",
      journal        = "Phys. Rev.",
      volume         = "D93",
      year           = "2016",
      number         = "7",
      pages          = "074501",
      doi            = "10.1103/PhysRevD.93.074501",
      eprint         = "1602.01399",
      archivePrefix  = "arXiv",
      primaryClass   = "hep-lat",
      reportNumber   = "RBRC-1163, MIT-CTP-4767",
      SLACcitation   = "%%CITATION = ARXIV:1602.01399;%%"
}

@article{Chatrchyan:2012xdj,
      author         = "Chatrchyan, Serguei and others",
      title          = "{Observation of a new boson at a mass of 125 GeV with the
                        CMS experiment at the LHC}",
      collaboration  = "CMS",
      journal        = "Phys. Lett.",
      volume         = "B716",
      year           = "2012",
      pages          = "30-61",
      doi            = "10.1016/j.physletb.2012.08.021",
      eprint         = "1207.7235",
      archivePrefix  = "arXiv",
      primaryClass   = "hep-ex",
      reportNumber   = "CMS-HIG-12-028, CERN-PH-EP-2012-220",
      SLACcitation   = "%%CITATION = ARXIV:1207.7235;%%"
}

@misc{SM_particles,
  title = {Wikipedia},
  howpublished = {\url{https://en.wikipedia.org/wiki/Standard_Model}},
}

@misc{Cherenkov_sheme,
  title = {Wikipedia},
  howpublished = {\url{https://en.wikipedia.org/wiki/Cherenkov_radiation}},
}

@article{Gross:1973id,
      author         = "Gross, David J. and Wilczek, Frank",
      title          = "{Ultraviolet Behavior of Nonabelian Gauge Theories}",
      journal        = "Phys. Rev. Lett.",
      volume         = "30",
      year           = "1973",
      pages          = "1343-1346",
      doi            = "10.1103/PhysRevLett.30.1343",
      SLACcitation   = "%%CITATION = PRLTA,30,1343;%%"
}


@article{Cabibbo:1963yz,
      author         = "Cabibbo, Nicola",
      title          = "{Unitary Symmetry and Leptonic Decays}",
      booktitle      = "{Meeting of the Italian School of Physics and Weak
                        Interactions Bologna, Italy, April 26-28, 1984}",
      journal        = "Phys. Rev. Lett.",
      volume         = "10",
      year           = "1963",
      pages          = "531-533",
      doi            = "10.1103/PhysRevLett.10.531",
      SLACcitation   = "%%CITATION = PRLTA,10,531;%%"
}



@article{Kobayashi:1973fv,
      author         = "Kobayashi, Makoto and Maskawa, Toshihide",
      title          = "{CP Violation in the Renormalizable Theory of Weak
                        Interaction}",
      journal        = "Prog. Theor. Phys.",
      volume         = "49",
      year           = "1973",
      pages          = "652-657",
      doi            = "10.1143/PTP.49.652",
      reportNumber   = "KUNS-242",
      SLACcitation   = "%%CITATION = PTPKA,49,652;%%"
}

@article{Aaij:2015oid,
      author         = "Aaij, Roel and others",
      title          = "{Angular analysis of the $B^{0} \to K^{*0} \mu^{+}
                        \mu^{-}$ decay using 3 fb$^{-1}$ of integrated
                        luminosity}",
      collaboration  = "LHCb",
      journal        = "JHEP",
      volume         = "02",
      year           = "2016",
      pages          = "104",
      doi            = "10.1007/JHEP02(2016)104",
      eprint         = "1512.04442",
      archivePrefix  = "arXiv",
      primaryClass   = "hep-ex",
      reportNumber   = "CERN-PH-EP-2015-314, LHCB-PAPER-2015-051",
      SLACcitation   = "%%CITATION = ARXIV:1512.04442;%%"
}

@article{Aaij:2015yra,
      author         = "Aaij, Roel and others",
      title          = "{Measurement of the ratio of branching fractions
                        $\mathcal{B}(\bar{B}^0 \to
                        D^{*+}\tau^{-}\bar{\nu}_{\tau})/\mathcal{B}(\bar{B}^0 \to
                        D^{*+}\mu^{-}\bar{\nu}_{\mu})$}",
      collaboration  = "LHCb",
      journal        = "Phys. Rev. Lett.",
      volume         = "115",
      year           = "2015",
      pages          = "111803",
      doi            = "10.1103/PhysRevLett.115.159901,
                        10.1103/PhysRevLett.115.111803",
      eprint         = "1506.08614",
      archivePrefix  = "arXiv",
      primaryClass   = "hep-ex",
      reportNumber   = "CERN-PH-EP-2015-150, LHCB-PAPER-2015-025",
      SLACcitation   = "%%CITATION = ARXIV:1506.08614;%%"
}


@article{Carlip:2001wq,
      author         = "Carlip, Steven",
      title          = "{Quantum gravity: A Progress report}",
      journal        = "Rept. Prog. Phys.",
      volume         = "64",
      year           = "2001",
      pages          = "885",
      doi            = "10.1088/0034-4885/64/8/301",
      eprint         = "gr-qc/0108040",
      archivePrefix  = "arXiv",
      primaryClass   = "gr-qc",
      reportNumber   = "UCD-2001-04",
      SLACcitation   = "%%CITATION = GR-QC/0108040;%%"
}



@article{Beaujean:2013soa,
      author         = "Beaujean, Frederik and Bobeth, Christoph and van Dyk,
                        Danny",
      title          = "{Comprehensive Bayesian analysis of rare (semi)leptonic
                        and radiative $B$ decays}",
      journal        = "Eur. Phys. J.",
      volume         = "C74",
      year           = "2014",
      pages          = "2897",
      doi            = "10.1140/epjc/s10052-014-2897-0,
                        10.1140/epjc/s10052-014-3179-6",
      note           = "[Erratum: Eur. Phys. J.C74,3179(2014)]",
      eprint         = "1310.2478",
      archivePrefix  = "arXiv",
      primaryClass   = "hep-ph",
      reportNumber   = "EOS-2013-01, SI-HEP-2013-10, QFET-2013-07,
                        FLAVOUR(267104)-ERC-56",
      SLACcitation   = "%%CITATION = ARXIV:1310.2478;%%"
}

@article{Hurth:2016fbr,
      author         = "Hurth, T. and Mahmoudi, F. and Neshatpour, S.",
      title          = "{On the anomalies in the latest LHCb data}",
      year           = "2016",
      eprint         = "1603.00865",
      archivePrefix  = "arXiv",
      primaryClass   = "hep-ph",
      reportNumber   = "CERN-TH-2016-046, IPM-P.A-421, MITP-16-003",
      SLACcitation   = "%%CITATION = ARXIV:1603.00865;%%"
}

@unpublished{Christiane:1260465,
      author        = "Christiane Lef\'evre",
      title         = "{The CERN accelerator complex. Complexe des
                       acc\'el\'erateurs du CERN}",
      month         = "Dec",
      year          = "2008",
      reportNumber  = "CERN-DI-0812015",
      url           = "http://cds.cern.ch/record/1260465"
}